<record><leader>00000cas a2200000 a 4500</leader><controlfield tag="001">20810443</controlfield><controlfield tag="008">891221d19131949iluwr ne      0   a0eng c</controlfield><datafield ind1=" " ind2=" " tag="010"><subfield code="a">sn 90053001 </subfield></datafield><datafield ind1=" " ind2=" " tag="040"><subfield code="a">NVF</subfield><subfield code="b">eng</subfield><subfield code="c">NVF</subfield><subfield code="d">CVF</subfield><subfield code="d">OCLCQ</subfield><subfield code="d">CGP</subfield><subfield code="d">OCLCQ</subfield><subfield code="d">NVF</subfield><subfield code="d">OCLCO</subfield><subfield code="d">OCLCF</subfield></datafield><datafield ind1="1" ind2=" " tag="029"><subfield code="a">AU@</subfield><subfield code="b">000020583454</subfield></datafield><datafield ind1=" " ind2=" " tag="042"><subfield code="a">pcc</subfield></datafield><datafield ind1=" " ind2=" " tag="043"><subfield code="a">n-us-il</subfield></datafield><datafield ind1="0" ind2="4" tag="245"><subfield code="a">The Garfieldian.</subfield></datafield><datafield ind1=" " ind2=" " tag="260"><subfield code="a">Garfield Park, Chicago [Ill.] :</subfield><subfield code="b">Donaldson Pub. Co.</subfield></datafield><datafield ind1=" " ind2=" " tag="300"><subfield code="a">volumes</subfield></datafield><datafield ind1=" " ind2=" " tag="310"><subfield code="a">Weekly</subfield></datafield><datafield ind1="1" ind2=" " tag="362"><subfield code="a">Began in 1913.</subfield></datafield><datafield ind1="0" ind2=" " tag="362"><subfield code="a">-v. 36, no. 23 (June 9, 1949).</subfield></datafield><datafield ind1=" " ind2=" " tag="580"><subfield code="a">Merged with: Garfield news (Chicago, Ill.), to form: Garfieldian &amp; Garfield news.</subfield></datafield><datafield ind1=" " ind2=" " tag="588"><subfield code="a">Description based on: Vol. 1, no. 28 (Apr. 17, 1914).</subfield></datafield><datafield ind1=" " ind2="0" tag="650"><subfield code="a">Community newspapers</subfield><subfield code="z">Illinois</subfield><subfield code="z">Chicago.</subfield></datafield><datafield ind1=" " ind2="0" tag="651"><subfield code="a">West Garfield Park (Chicago, Ill.)</subfield><subfield code="v">Newspapers.</subfield></datafield><datafield ind1=" " ind2="0" tag="651"><subfield code="a">East Garfield Park (Chicago, Ill.)</subfield><subfield code="v">Newspapers.</subfield></datafield><datafield ind1=" " ind2="0" tag="651"><subfield code="a">Austin (Chicago, Ill.)</subfield><subfield code="v">Newspapers.</subfield></datafield><datafield ind1=" " ind2="7" tag="655"><subfield code="a">Newspapers.</subfield><subfield code="2">fast</subfield><subfield code="0">(OCoLC)fst01423814</subfield></datafield><datafield ind1=" " ind2="7" tag="650"><subfield code="a">Community newspapers.</subfield><subfield code="2">fast</subfield><subfield code="0">(OCoLC)fst00871103</subfield></datafield><datafield ind1=" " ind2="7" tag="651"><subfield code="a">Illinois</subfield><subfield code="z">Chicago.</subfield><subfield code="2">fast</subfield><subfield code="0">(OCoLC)fst01204048</subfield></datafield><datafield ind1=" " ind2="7" tag="651"><subfield code="a">Illinois</subfield><subfield code="z">Chicago</subfield><subfield code="z">Austin.</subfield><subfield code="2">fast</subfield><subfield code="0">(OCoLC)fst01328257</subfield></datafield><datafield ind1=" " ind2="7" tag="651"><subfield code="a">Illinois</subfield><subfield code="z">Chicago</subfield><subfield code="z">East Garfield Park.</subfield><subfield code="2">fast</subfield><subfield code="0">(OCoLC)fst01926118</subfield></datafield><datafield ind1=" " ind2="7" tag="651"><subfield code="a">Illinois</subfield><subfield code="z">Chicago</subfield><subfield code="z">West Garfield Park.</subfield><subfield code="2">fast</subfield><subfield code="0">(OCoLC)fst01926132</subfield></datafield><datafield ind1=" " ind2=" " tag="752"><subfield code="a">United States</subfield><subfield code="b">Illinois</subfield><subfield code="c">Cook</subfield><subfield code="d">Chicago</subfield><subfield code="f">Garfield Park.</subfield></datafield><datafield ind1="0" ind2=" " tag="775"><subfield code="t">Westown news (Chicago, Ill.)</subfield><subfield code="w">(DLC)sn 97062029</subfield><subfield code="w">(OCoLC)37578826</subfield></datafield><datafield ind1="1" ind2="7" tag="785"><subfield code="t">Garfield news (Chicago, Ill.)</subfield><subfield code="w">(DLC)sn 97062041</subfield><subfield code="w">(OCoLC)37638122</subfield></datafield><datafield ind1="1" ind2="7" tag="785"><subfield code="t">Garfieldian &amp; Garfield news</subfield><subfield code="w">(DLC)sn 97062042</subfield><subfield code="w">(OCoLC)37651012</subfield></datafield></record>